<?xml version="1.0" encoding="UTF-8"?><collection xmlns="http://www.loc.gov/MARC21/slim"><record><leader>00513nam--2200181-i-4500</leader><controlfield tag="001">000024412</controlfield><controlfield tag="002">20161230</controlfield><controlfield tag="005">20161230201035</controlfield><controlfield tag="008">060222s1000------------r-----000-0-eng-d</controlfield><datafield ind1=" " ind2=" " tag="040"><subfield code="a">IFIN-HH</subfield></datafield><datafield ind1=" " ind2=" " tag="080"><subfield code="a">536.7</subfield></datafield><datafield ind1="1" ind2=" " tag="100"><subfield code="a">Hatsopoulos, George N</subfield></datafield><datafield ind1="1" ind2="0" tag="245"><subfield code="a">Principles of general thermodynamics</subfield><subfield code="c">George n. hatsopoulos; joseph h. keenan</subfield></datafield><datafield ind1=" " ind2=" " tag="260"><subfield code="a">New York</subfield><subfield code="b">John Wiley And Sons, Inc</subfield><subfield code="c">1965</subfield></datafield><datafield ind1=" " ind2=" " tag="300"><subfield code="a">XLII + 788 P</subfield></datafield><datafield ind1="1" ind2=" " tag="700"><subfield code="a">Keenan, Joseph H</subfield></datafield><datafield ind1=" " ind2=" " tag="852"><subfield code="a">75847</subfield><subfield code="c">536.7</subfield></datafield><datafield ind1=" " ind2=" " tag="CAT"><subfield code="a">Sys</subfield><subfield code="c">20110602</subfield><subfield code="h">151517</subfield></datafield></record></collection>